@misc{usyd1,
	author = "{W3Schools}",
	title = "How to - build a website",
	year = 2023,
	note = "See
 \url{https://www.w3schools.com/howto/howto_website.asp}"}

How to - build a website (no date) How To Build a Website. Available at: https://www.w3schools.com/howto/howto_website.asp (Accessed: March 31, 2023). 


@misc{YouTube,
	author = "{Programming with Mosh}",
	title = ":JavaScript tutorial for beginners {IEEE}",
	year = 2018,
	note = "See \url{https://youtu.be/W6NZfCO5SIk}"}
	
@misc{w3schools,
	author = "{W3Schools}",
	title = "Javascript Tutorial",
	year = 2023,
	note = "See \url{https://www.w3schools.com/js/}"}

